@book{Diestel2017,
  title = {Graph Theory},
  ISBN = {9783662536223},
  ISSN = {2197-5612},
  url = {http://dx.doi.org/10.1007/978-3-662-53622-3},
  DOI = {10.1007/978-3-662-53622-3},
  journal = {Graduate Texts in Mathematics},
  publisher = {Springer Berlin Heidelberg},
  author = {Diestel,  Reinhard},
  year = {2017}
}
@book{Bondy2008,
  title = {Graph Theory},
  ISBN = {9781846289705},
  ISSN = {0072-5285},
  url = {http://dx.doi.org/10.1007/978-1-84628-970-5},
  DOI = {10.1007/978-1-84628-970-5},
  journal = {Graduate Texts in Mathematics},
  publisher = {Springer London},
  author = {Bondy,  J. A. and Murty,  U. S. R.},
  year = {2008}
}
